 @misc{tmb, title={If you want to do it, do it, if you don't want to do it, don't do it.}, url={https://subjects.ee.unsw.edu.au/elec4602}, journal={Julian's back pocket}, date={2023}, author={Keledjian, Julian}}